@inproceedings{durette2008visuo,
  title={Visuo-auditory sensory substitution for mobility assistance: testing TheVIBE},
  author={Durette, Barth{\'e}l{\'e}my and Louveton, Nicolas and Alleysson, David and H{\'e}rault, Jeanny},
  booktitle={Workshop on Computer Vision Applications for the Visually Impaired},
  year={2008}
}

@article{bajcsy2018revisiting,
  title={Revisiting active perception},
  author={Bajcsy, Ruzena and Aloimonos, Yiannis and Tsotsos, John K},
  journal={Autonomous Robots},
  volume={42},
  number={2},
  pages={177--196},
  year={2018},
  publisher={Springer}
}

@inproceedings{sato2017navcog3,
  title={Navcog3: An evaluation of a smartphone-based blind indoor navigation assistant with semantic features in a large-scale environment},
  author={Sato, Daisuke and Oh, Uran and Naito, Kakuya and Takagi, Hironobu and Kitani, Kris and Asakawa, Chieko},
  booktitle={Proceedings of the 19th International ACM SIGACCESS Conference on Computers and Accessibility},
  pages={270--279},
  year={2017},
  organization={ACM}
}

@inproceedings{schauerte2012assistive,
  title={An assistive vision system for the blind that helps find lost things},
  author={Schauerte, Boris and Martinez, Manel and Constantinescu, Angela and Stiefelhagen, Rainer},
  booktitle={International Conference on Computers for Handicapped Persons},
  pages={566--572},
  year={2012},
  organization={Springer}
}

@inproceedings{vazquez2012helping,
  title={Helping visually impaired users properly aim a camera},
  author={V{\'a}zquez, Marynel and Steinfeld, Aaron},
  booktitle={Proceedings of the 14th international ACM SIGACCESS conference on Computers and accessibility},
  pages={95--102},
  year={2012},
  organization={ACM}
}

@inproceedings{fiannaca2014headlock,
  title={Headlock: a wearable navigation aid that helps blind cane users traverse large open spaces},
  author={Fiannaca, Alexander and Apostolopoulous, Ilias and Folmer, Eelke},
  booktitle={Proceedings of the 16th international ACM SIGACCESS conference on Computers \& accessibility},
  pages={19--26},
  year={2014},
  organization={ACM}
}

@article{macdonald2006spatial,
  title={Spatial audio through a bone conduction interface: Audici{\'o}n espacial a trav{\'e}s de una interfase de conducci{\'o}n {\'o}sea},
  author={MacDonald, Justin A and Henry, Paula P and Letowski, Tomasz R},
  journal={International journal of audiology},
  volume={45},
  number={10},
  pages={595--599},
  year={2006},
  publisher={Taylor \& Francis}
}

@book{welford1968fundamentals,
  title={Fundamentals of skill.},
  author={Welford, AT},
  year={1968},
  publisher={Methuen}
}

@article{wightman1992dominant,
  title={The dominant role of low-frequency interaural time differences in sound localization},
  author={Wightman, FL and Kistler, DJ},
  journal={The Journal of the Acoustical Society of America},
  volume={91},
  number={3},
  pages={1648--1661},
  year={1992},
  publisher={ASA}
}

@online{google2016blind,
  author={Kelly, H},
  title={Google is helping this school build a 'Waze' for the blind},
  year=2016,
  url={http://cnnmon.ie/23rpGso},
  urldate = {2018-03-09}
}

@article{wetherill1965sequential,
  title={Sequential estimation of points on a psychometric function},
  author={Wetherill, GB and Levitt, H},
  journal={British Journal of Mathematical and Statistical Psychology},
  volume={18},
  number={1},
  pages={1--10},
  year={1965},
  publisher={Wiley Online Library}
}

@article{levitt1971transformed,
  title={Transformed up-down methods in psychoacoustics},
  author={Levitt, HCCH},
  journal={The Journal of the Acoustical society of America},
  volume={49},
  number={2B},
  pages={467--477},
  year={1971},
  publisher={ASA}
}

@inproceedings{wilson2007swan,
  title={Swan: System for wearable audio navigation},
  author={Wilson, J and Walker, BN and Lindsay, J and Cambias, C and Dellaert, F},
  booktitle={Wearable Computers, 2007 11th IEEE International Symposium on},
  pages={91--98},
  year={2007},
  organization={IEEE}
}

@inproceedings{menelas2010audio,
  title={Audio haptic feedbacks for an acquisition task in a multi-target context},
  author={Menelas, B and Picinalli, L and Katz, BFG and Bourdot, P},
  booktitle={3D User Interfaces (3DUI), 2010 IEEE Symposium on},
  pages={51--54},
  year={2010},
  organization={IEEE}
}

@article{nicol2014roadmap,
  title={A roadmap for assessing the quality of experience of 3d audio binaural rendering},
  author={Nicol, R and Gros, L and Colomes, C and Noisternig, M and Warusfel, O and Bahu, H and Katz, BFG and Simon, LSR},
  journal={10.14279/depositonce-4103},
  year={2014}
}

@article{guastavino2004perceptual,
  title={Perceptual evaluation of multi-dimensional spatial audio reproduction},
  author={Guastavino, C and Katz, BFG},
  journal={The Journal of the Acoustical Society of America},
  volume={116},
  number={2},
  pages={1105--1115},
  year={2004},
  publisher={ASA}
}

@inproceedings{rebillat2009smart,
  title={SMART-I 2:"Spatial multi-user audio-visual real-time interactive interface", A broadcast application context},
  author={R{\'e}billat, M and Katz, BFG and Corteel, E},
  booktitle={3DTV Conference: The True Vision-Capture, Transmission and Display of 3D Video, 2009},
  pages={1--4},
  year={2009},
  organization={IEEE}
}

@article{kammoun2012navigation,
  title={Navigation and space perception assistance for the visually impaired: The NAVIG project},
  author={Kammoun, S and Parseihian, G and Gutierrez, O and Brilhault, A and Serpa, A and Raynal, M and Oriola, B and Mac{\'e}, MJM and Auvray, M and Denis, M and others},
  journal={Irbm},
  volume={33},
  number={2},
  pages={182--189},
  year={2012},
  publisher={Elsevier}
}

@article{loomis2001navigating,
  title={Navigating without vision: basic and applied research},
  author={Loomis, JM and Klatzky, RL and Golledge, RG and others},
  journal={Optometry \& Vision Science},
  volume={78},
  number={5},
  pages={282--289},
  year={2001},
  publisher={LWW}
}

@article{golledge1998geographical,
  title={A geographical information system for a GPS based personal guidance system},
  author={Golledge, RG and Klatzky, RL and Loomis, JM and Speigle, J and Tietz, J},
  journal={International Journal of Geographical Information Science},
  volume={12},
  number={7},
  pages={727--749},
  year={1998},
  publisher={Taylor \& Francis}
}

@article{loomis1998navigation,
  title={Navigation system for the blind: Auditory display modes and guidance},
  author={Loomis, JM and Golledge, RG and Klatzky, RL},
  journal={Presence: Teleoperators and Virtual Environments},
  volume={7},
  number={2},
  pages={193--203},
  year={1998},
  publisher={MIT Press}
}

@book{blauert1997spatial,
  title={Spatial hearing: the psychophysics of human sound localization},
  author={Blauert, J},
  year={1997},
  publisher={MIT press}
}

@article{lewald2013exceptional,
  title={Exceptional ability of blind humans to hear sound motion: implications for the emergence of auditory space},
  author={Lewald, J},
  journal={Neuropsychologia},
  volume={51},
  number={1},
  pages={181--186},
  year={2013},
  publisher={Elsevier}
}

@article{lessard1998early,
  title={Early-blind human subjects localize sound sources better than sighted subjects},
  author={Lessard, N and Pare, M and Lepore, F and Lassonde, M},
  journal={Nature},
  volume={395},
  number={6699},
  pages={278},
  year={1998},
  publisher={Nature Publishing Group}
}

@inproceedings{ross2008bayesian,
  title={Bayesian reinforcement learning in continuous POMDPs with application to robot navigation},
  author={Ross, S and Chaib-draa, B and Pineau, J},
  booktitle={Robotics and Automation, 2008. ICRA 2008. IEEE International Conference on},
  pages={2845--2851},
  year={2008},
  organization={IEEE}
}

@techreport{rnib-objectives,
  title = {UK Vision Strategy},
  howpublished = {\url{http://www.rnib.org.uk/about-rnib-what-we-do/uk-vision-strategy}},
  note = {Accessed: 19-07-2016},
  author = {RNIB},
  year = {2016},
}

@book{book-humancontrol,
    author    = "Jagacinski, JR and Flach, MJ",
    title     = "{Control Theory for Humans}",
    publisher = "{Laurence Erlbaum Associates, Inc.}",
    year      = "2003",
}

@techreport{rnib-report,
    author    = "{Access Economics}",
    title     = "{Future Sight Loss {UK}(1): The Economic impact of Partial Sight and Blindness in the UK Adult Population}",
    institution = "Royal National Institute for the Blind (RNIB)",
    year      = "2009",
    month    = "July",
}

@techreport{who-report,
    author    = "{World Health Organisation}",
    title     = "{Global Data on Visual Impairment}",
    institution = "{World Health Organisation}",
    year      = "2010",
}

@conference{frauenberger2003,
    author    = "Frauenberger, C and Noisterig, M",
    title     = "{3D Audio Interface for the Blind}",
    booktitle = "Proceedings of the International Conference on Auditory Display",
    year      = "2003",
    pages     = "280 - 283",
}

@conference{gallina2015,
    author    = "Gallina, P and Bellotto, N and Di Luca, M",
    title     = "{Progressive Co-Adaptation in Human-Machine Interaction}",
    booktitle = "12th International Conference on Informatics in Control Proceedings (ICINCO 2015)",
    year      = "2015",
    pages     = "2362 - 368",
}

@conference{ulrich1997,
    author    = "Borenstein, J and Ulrich, I",
    title     = "{The GuideCane - A Computerised Travel Aid for the Active Guidance of Blind Pedestrians}",
    booktitle = "Proceedings of IEEE International Conference on Robotics and Automation",
    year      = "1997",
    pages     = "1283 - 1288",
}

@conference{willis2005,
    author    = "Willis, S and Helal, S",
    title     = "{RFID Information Grid for Blind Navigation and Wayfinding}",
    booktitle = "Proceedings of the 9th IEEE International Symposium on Wearable Computers",
    year      = "2005",
    pages     = "34 - 37",
}

@conference{bellotto2013,
    author    = "Bellotto, N",
    title     = "{A Multimodal Smartphone Interface for Active Perception by Visually Impaired}",
    booktitle = "IEEE SMC International Workshop on Human Machine Systems, Cyborgs and Enhancing Devices (HUMASCEND)",
    year      = "2013",
}

@conference{kane2011,
    author    = "Kane, SK and Wobbrock, JO and Ladner, RE",
    title     = "{Usable Gestures for Blind People: Understanding Preference and Performance}",
    booktitle = "Proceedings of the 2011 Annual Conference on Human Factors in Computing Systems - CHI '11",
    year      = "2011",
    pages     = "413 - 422",
}

@article{rogerio2014,
    author    = "{Dos Santos Alves}, R and Soares de Souza, A",
    title     = "{Multimodal and Alternative Perception for the Visually Impaired: A Survey Structured}",
    journal   = "Igarss",
    pages    = "1 - 5",
    year      = "2014",
}

@article{meijer2010,
    author    = "Ward, J and Meijer, P",
    title     = "{Visual Experiences in the Blind Induced by an Auditory Sensory Substitution Device}",
    journal   = "Conciousness and Cognition",
    pages    = "425 - 500",
    year      = "2010",
}

@article{tian2013,
    author    = "Arditi, A and Tian, YL",
    title     = "{User Interface Preferences in the Design if a Camera-Based Navigation and Wayfinding Aid}",
    journal   = "Journal of Visual Impairments and Blindness",
    pages    = "118 - 129",
    year      = "2013",
}

@article{tian2013b,
    author    = "Tian, YL and Yang, X and Yi, C and Arditi, A",
    title     = "{Toward a Computer Vision-Based Wayfinding Aid for Blind Persons to Access Unfamiliar Indoor Environments}",
    journal   = "Machine Vision and Applications",
    pages    = "521 - 535",
    year      = "2013",
}

@article{lee2015,
    author    = "Lee, YH and Medioni, G",
    title     = "{RGB-D Camera Based Wearable Navigation System for the Visually Impaired}",
    journal   = "Computer Vision and Image Understanding",
    pages    = "3 - 20",
    year      = "2015",
}

@article{chessa2016,
    author    = "Chessa, M and Noceti, N and Odone, F and Solari, F and Sosa-Garc\'{i}a, JL",
    title     = "{An Integrated Artificial Vision Framework for Assisting Visually Impaired Users}",
    journal   = "Computer Vision and Image Understanding",
    pages    = "209 - 228",
    year      = "2016",
}

@unpublished{efab2014,
    author	= "{Deloitte Access Economics}",
    title	= "{The Cost of Blindness}",
    note	= "Report, to be published in 2016",
}

@inproceedings{Merel2013,
    author = {Merel, J and Fox, R and Jebara, T and Paninski, L},
    title = {A Multi-agent Control Framework for Co-adaptation in Brain-computer Interfaces},
    booktitle = {Proceedings of the 26th International Conference on Neural Information Processing Systems},
    series = {NIPS'13},
    year = {2013},
    location = {Lake Tahoe, Nevada},
    pages = {2841--2849},
    numpages = {9},
    url = {http://dl.acm.org/citation.cfm?id=2999792.2999929},
    acmid = {2999929},
    publisher = {Curran Associates Inc.},
    address = {USA},
}

@INBOOK{Dixon2012,
pages = {137--155},
title = {Human Factors in Reliable Design},
publisher = {John Wiley \& Sons, Inc.},
year = {2012},
author = {Dixon, J},
booktitle = {Design for Reliability}
}

@inproceedings{Jokela2003,
author = {Jokela, T and Iivari, N and Matero, J and Karukka, M},
 title = {The Standard of User-centered Design and the Standard Definition of Usability: Analyzing ISO 13407 Against ISO 9241-11},
booktitle = {Proceedings of the Latin American Conference on Human-computer Interaction},
series = {CLIHC '03},
year = {2003},
location = {Rio de Janeiro, Brazil},
pages = {53--60},
numpages = {8},
}

@article{Rivlin2000,
title={Control of a camera for active vision: Foveal vision, smooth tracking and saccade},
author={Rivlin, E and Rotstein, H},
journal={International Journal of Computer Vision},
volume={39},
number={2},
pages={81--96},
year={2000},
publisher={Springer}
}

@inproceedings{faria2010electronic,
  title={Electronic white cane for blind people navigation assistance},
  author={Faria, J and Lopes, S and Fernandes, H and Martins, P and Barroso, J},
  booktitle={World Automation Congress (WAC), 2010},
  pages={1--7},
  year={2010},
  organization={IEEE}
}

@inproceedings{ran2004drishti,
  title={Drishti: an integrated indoor/outdoor blind navigation system and service},
  author={Ran, L and Helal, S and Moore, S},
  booktitle={Pervasive Computing and Communications, 2004. PerCom 2004. Proceedings of the Second IEEE Annual Conference on},
  pages={23--30},
  year={2004},
  organization={IEEE}
}

@book{marion2008batcane,
   title =     {Assistive Technology for Visually Impaired and Blind People},
   author =    {Hersh, MA and Johnson, MA},
   publisher = {Springer-Verlag London},
   isbn =      {1846288665,9781846288661},
   year =      {2008},
   series =    {},
   edition =   {1},
   volume =    {},
}

@inproceedings{rodriguez2012obstacle,
  title={Obstacle avoidance system for assisting visually impaired people},
  author={Rodr{\'\i}guez, A and Bergasa, LM and Alcantarilla, PF and Yebes, J and Cela, A},
  booktitle={Proceedings of the IEEE Intelligent Vehicles Symposium Workshops, Madrid, Spain},
  volume={35},
  pages={16},
  year={2012}
}

@article{khoo2016multimodal,
  title={Multimodal and alternative perception for the visually impaired: a survey},
  author={Khoo, WL and Zhu, Z},
  journal={Journal of Assistive Technologies},
  volume={10},
  number={1},
  pages={11--26},
  year={2016},
  publisher={Emerald Group Publishing Limited}
}

@inproceedings{ross2000wearable,
  title={Wearable interfaces for orientation and wayfinding},
  author={Ross, D A and Blasch, BB},
  booktitle={Proceedings of the fourth international ACM conference on Assistive technologies},
  pages={193--200},
  year={2000},
  organization={ACM}
}

@article{holland2002audiogps,
  title={AudioGPS: Spatial audio navigation with a minimal attention interface},
  author={Holland, S and Morse, DR and Gedenryd, H},
  journal={Personal and Ubiquitous computing},
  volume={6},
  number={4},
  pages={253--259},
  year={2002},
  publisher={Springer}
}

@book{katz2011spatial,
  title={Spatial audio applied to research with the blind},
  author={Katz, BFG and Picinali, L},
  year={2011},
  publisher={INTECH Open Access Publisher}
}

@article{zwiers2001spatial,
  title={A spatial hearing deficit in early-blind humans},
  author={Zwiers, MP and Van Opstal, AJ and Cruysberg, JRM},
  journal={Journal of Neuroscience},
  volume={21},
  number={9},
  pages={RC142--RC142},
  year={2001},
  publisher={Society for Neuroscience}
}

@article{ashmead1998spatial,
  title={Spatial hearing in children with visual disabilities},
  author={Ashmead, DH and Wall, RS and Ebinger, KA and Eaton, SB and Snook-Hill, MM and Yang, X},
  journal={Perception},
  volume={27},
  number={1},
  pages={105--122},
  year={1998},
  publisher={SAGE Publications Sage UK: London, England}
}

@article{hiebert2005openal,
  title={Openal 1.1 specification and reference},
  author={Hiebert, Garin},
  year={2005}
}

@article{pratt1930spatial,
  title={The spatial character of high and low tones.},
  author={Pratt, CC},
  journal={Journal of Experimental Psychology},
  volume={13},
  number={3},
  pages={278},
  year={1930},
  publisher={Psychological Review Company}
}

@article{shepard1964circularity,
  title={Circularity in judgments of relative pitch},
  author={Shepard, RN},
  journal={The Journal of the Acoustical Society of America},
  volume={36},
  number={12},
  pages={2346--2353},
  year={1964},
  publisher={ASA}
}

@article{algazi2001elevation,
  title={Elevation localization and head-related transfer function analysis at low frequencies},
  author={Algazi, VR and Avendano, C and Duda, RO},
  journal={The Journal of the Acoustical Society of America},
  volume={109},
  number={3},
  pages={1110--1122},
  year={2001},
  publisher={ASA}
}

@article{roffler1968factors,
  title={Factors that influence the localization of sound in the vertical plane},
  author={Roffler, SK and Butler, RA},
  journal={The Journal of the Acoustical Society of America},
  volume={43},
  number={6},
  pages={1255--1259},
  year={1968},
  publisher={ASA}
}

@book{bujacz2011sonification,
  title={Sonification of 3d scenes in an electronic travel aid for the blind},
  author={Bujacz, M and Materka, A and Pec, M and Strumillo, P and Skulimowski, P},
  year={2011},
  publisher={INTECH Open Access Publisher}
}

@article{zotkin2004rendering,
  title={Rendering localized spatial audio in a virtual auditory space},
  author={Zotkin, DN and Duraiswami, R and Davis, LS},
  journal={IEEE Transactions on Multimedia},
  volume={6},
  number={4},
  pages={553--564},
  year={2004},
  publisher={IEEE}
}

@article{mackenzie1992fitts,
  title={Fitts' law as a research and design tool in human-computer interaction},
  author={MacKenzie, IS},
  journal={Human-computer interaction},
  volume={7},
  number={1},
  pages={91--139},
  year={1992},
  publisher={L. Erlbaum Associates Inc.}
}

@article{fitts1954information,
  title={The information capacity of the human motor system in controlling the amplitude of movement.},
  author={Fitts, PM},
  journal={Journal of experimental psychology},
  volume={47},
  number={6},
  pages={381},
  year={1954},
  publisher={American Psychological Association}
}

@inproceedings{manduchi2014last,
  title={The last meter: blind visual guidance to a target},
  author={Manduchi, R and Coughlan, JM},
  booktitle={Proceedings of the SIGCHI Conference on Human Factors in Computing Systems},
  pages={3113--3122},
  year={2014},
  organization={ACM}
}

@article{kruskal1952use,
  title={Use of ranks in one-criterion variance analysis},
  author={Kruskal, WH and Wallis, WA},
  journal={Journal of the American statistical Association},
  volume={47},
  number={260},
  pages={583--621},
  year={1952},
  publisher={Taylor \& Francis}
}

@article{mood1950introduction,
  title={Introduction to the Theory of Statistics.},
  author={Mood, AM},
  year={1950},
  publisher={McGraw-hill},
  pages = {394 - 399},
}

@inproceedings{ahmaniemi2009augmented,
  title={Augmented reality target finding based on tactile cues},
  author={Ahmaniemi, TT and Lantz, VT},
  booktitle={Proceedings of the 2009 international conference on Multimodal interfaces},
  pages={335--342},
  year={2009},
  organization={ACM}
}

@inproceedings{marentakis2006effects,
  title={Effects of feedback, mobility and index of difficulty on deictic spatial audio target acquisition in the horizontal plane},
  author={Marentakis, GN and Brewster, SA},
  booktitle={Proceedings of the SIGCHI conference on Human Factors in computing systems},
  pages={359--368},
  year={2006},
  organization={ACM}
}

@article{brewster1998using,
  title={Using nonspeech sounds to provide navigation cues},
  author={Brewster, SA},
  journal={ACM Transactions on Computer-Human Interaction (TOCHI)},
  volume={5},
  number={3},
  pages={224--259},
  year={1998},
  publisher={ACM}
}

@inproceedings{friedlander1998bullseye,
  title={Bullseye! when Fitts' law doesn't fit},
  author={Friedlander, N and Schlueter, K and Mantei, M},
  booktitle={Proceedings of the SIGCHI conference on Human factors in computing systems},
  pages={257--264},
  year={1998},
  organization={ACM Press/Addison-Wesley Publishing Co.}
}

@article{wu2010fitts,
  title={Fitts' law holds for pointing movements under conditions of restricted visual feedback},
  author={Wu, J and Yang, J and Honda, T},
  journal={Human movement science},
  volume={29},
  number={6},
  pages={882--892},
  year={2010},
  publisher={Elsevier}
}

@article{friedman1937use,
  title={The use of ranks to avoid the assumption of normality implicit in the analysis of variance},
  author={Friedman, M},
  journal={Journal of the american statistical association},
  volume={32},
  number={200},
  pages={675--701},
  year={1937},
  publisher={Taylor \& Francis}
}

@inproceedings{lock2017portable,
  title={Portable navigations system with adaptive multimodal interface for the blind},
  author={Lock, JC and Cielniak, G and Bellotto, N},
  year={2017},
  organization={AAAI Spring Symposium}
}
